<?xml version="1.0" encoding="UTF-8"?><record xmlns="http://www.loc.gov/MARC21/slim" xmlns:cinclude="http://apache.org/cocoon/include/1.0" xmlns:zs="http://www.loc.gov/zing/srw/">
  <leader>00702nz  a2200181n  4500</leader>
  <controlfield tag="001">n 2013052447</controlfield>
  <controlfield tag="003">DLC</controlfield>
  <controlfield tag="005">20130820190825.0</controlfield>
  <controlfield tag="008">130820n| azannaabn          |a aaa      </controlfield>
  <datafield tag="010" ind1=" " ind2=" ">
    <subfield code="a">n 2013052447</subfield>
  </datafield>
  <datafield tag="040" ind1=" " ind2=" ">
    <subfield code="a">DLC</subfield>
    <subfield code="b">eng</subfield>
    <subfield code="c">DLC</subfield>
    <subfield code="e">rda</subfield>
  </datafield>
  <datafield tag="100" ind1="1" ind2=" ">
    <subfield code="a">Augustin-Dittmann, Sandra</subfield>
  </datafield>
  <datafield tag="370" ind1=" " ind2=" ">
    <subfield code="c">Germany</subfield>
  </datafield>
  <datafield tag="373" ind1=" " ind2=" ">
    <subfield code="a">Technische UniversitaĚt Braunschweig</subfield>
    <subfield code="2">naf</subfield>
  </datafield>
  <datafield tag="375" ind1=" " ind2=" ">
    <subfield code="a">female</subfield>
  </datafield>
  <datafield tag="377" ind1=" " ind2=" ">
    <subfield code="a">ger</subfield>
  </datafield>
  <datafield tag="400" ind1="1" ind2=" ">
    <subfield code="a">Dittmann, Sandra Augustin-</subfield>
  </datafield>
  <datafield tag="670" ind1=" " ind2=" ">
    <subfield code="a">Politikwandel zwischen Kontingenz und Strategie, 2011:</subfield>
    <subfield code="b">t.p. (Sandra Augustin-Dittmann) p. 4 of cover (Dr.; studied political science, sociology, &amp; modern history at TU Braunschweig; master's in 2002; since 2002 employed at TU Braunschweig in various positions)</subfield>
  </datafield>
</record>